<record><leader>00000cas a22000007a 4500</leader><controlfield tag="001">20485296</controlfield><controlfield tag="008">891013d18801881mauwr ne      0    0eng d</controlfield><datafield ind1=" " ind2=" " tag="010"><subfield code="a">sn 89062212 </subfield></datafield><datafield ind1=" " ind2=" " tag="040"><subfield code="a">MGN</subfield><subfield code="b">eng</subfield><subfield code="c">MGN</subfield><subfield code="d">OCLCQ</subfield></datafield><datafield ind1=" " ind2=" " tag="042"><subfield code="a">msc</subfield></datafield><datafield ind1="0" ind2=" " tag="130"><subfield code="a">Easthampton news (Easthampton, Mass. : 1880)</subfield></datafield><datafield ind1="1" ind2="4" tag="245"><subfield code="a">The Easthampton news.</subfield></datafield><datafield ind1=" " ind2=" " tag="260"><subfield code="a">Easthampton, Mass. :</subfield><subfield code="b">Torrey Bros.</subfield></datafield><datafield ind1=" " ind2=" " tag="300"><subfield code="a">v.</subfield></datafield><datafield ind1=" " ind2=" " tag="310"><subfield code="a">Weekly</subfield></datafield><datafield ind1="0" ind2=" " tag="362"><subfield code="a">Vol. 2, no. 1 (May 12, 1880)-v. 3, no. 16 (Aug. 24, 1881).</subfield></datafield><datafield ind1=" " ind2=" " tag="752"><subfield code="a">United States</subfield><subfield code="b">Massachusetts</subfield><subfield code="c">Hampshire</subfield><subfield code="d">Easthampton.</subfield></datafield><datafield ind1="0" ind2="0" tag="780"><subfield code="t">News letter (Easthampton, Mass. : 1879)</subfield><subfield code="w">(DLC)sn 89062213</subfield></datafield><datafield ind1="0" ind2="7" tag="785"><subfield code="t">Easthampton enterprise</subfield><subfield code="w">(DLC)sn 89062214</subfield></datafield><datafield ind1="0" ind2="7" tag="785"><subfield code="t">Easthampton news and Easthampton enterprise</subfield><subfield code="w">(DLC)sn 89062216</subfield></datafield></record>